=LDR  00997nz  a2200181n  4500
=001  9882235454102441
=005  20230629094808.0
=008  151111i|\anznnbabn\\\\\\\\\\|a\ana\\\\\c
=010  \\$ash2015002751
=035  \\$a(DLC)sh2015002751
=035  \\$a(LIBRARY_OF_CONGRESS)985173504500041
=040  \\$aWaU$beng$cDLC
=150  \7$aLGBTQ+ veterans$2homoit
=450  \\$aSexual minority veterans$wnne
=550  \\$wg$aVeterans
=670  \\$aWork cat.: Hogue, K.J. Better serving those who serve : California's LGBT veterans speak out, June 2015:$bp. 4 (lesbian, gay, bisexual and transgender (LGBT) veterans)
=670  \\$aOCLC, Nov. 11, 2015$b(in title: sexual minority women veterans; LGBT veterans; LGBT service members and veterans; lesbian, gay, bisexual and transgender veterans; lesbian, gay, bisexual, intersex and transgender veterans; gay, lesbian and bisexual veterans)
=667  \\$aMain entry changed to a local heading in 2021 from Sexual minority veterans to LGBTQ+ veterans by jdc according to Homosaurus

