=LDR  01387cz  a2200193n  4500
=001  9882235454302441
=005  20230629094451.0
=008  060501i|\anznnbabn\\\\\\\\\\|a\ana\\\\\c
=010  \\$ash2006003330
=035  \\$a(DLC) sh2006003330
=035  \\$a(LIBRARY_OF_CONGRESS)98171177610000041
=040  \\$aWaU$beng$cDLC
=150  \7$aLGBTQ+ websites$2homoit
=450  \\$aSexual minority Web sites
=450  \\$aWeb sites for sexual minorities$wnne
=550  \\$wg$aSexual minorities
=670  \\$aWork cat.: Mack, L. Human rights, LGBT movements, and identity : an analysis of international and South African LGBT websites, 2005:$bPDF p. 67 (similarities and differences between gay and lesbian organization[s] of the international arena and those from South Africa by looking at their websites and how they have chosen to represent themselves) p. 71 (websites from organizations that focus on LGBT issues) p. 77 (similarities and differences between the international LGBT organizations' and the South African organizations' websites)
=670  \\$aGoogle search, Apr. 29, 2006$b(GLBT groups & websites; GLBT websites; GLBT Web sites; LGBT Web sites; LGBT Websites; sexual minority Web sites; Web sites for sexual minorities; GLBTQ websites; LGBTQ websites)
=667  \\$aMain entry changed to a local heading in 2021 from Web sites for sexual minorities to LGBTQ+ websites by jdc according to Homosaurus

