=LDR  03029nz  a2200241n  4500
=001  9882235454402441
=005  20240401094159.0
=008  191213i|\anznnbabn\\\\\\\\\\|a\ana\\\\\c
=010  \\$ash2019103558
=035  \\$a(DLC)sh2019103558
=035  \\$a(LIBRARY_OF_CONGRESS)9814499899800041
=040  \\$aWaU$beng$cDLC
=053  \0$aHQ73.7$bHQ73.73
=150  \7$aLGBTQ+ political candidates$2nula
=450  \\$aSexual minority political candidates$wnne
=550  \\$wg$aPolitical candidates
=670  \\$aWork cat.: LGBTQ+ politics and political candidates Web archive, viewed Dec. 13, 2019:$bAbout this collection (The LGBTQ+ politics and political candidates Web archive captures digital content related to LBGTQ+ political candidates and political issues and topics at various levels of government, with a focus on lesser-known local and state politics. This archive preserves a representative sample of what is being called "The Rainbow Wave," which refers to the previously unprecedented number of LGBTQ+ identified candidates openly running for office.)
=670  \\$aHaider-Markel, D.P. Out and running : gay and lesbian candidates, elections, and policy representation, ©2010:$bcontents (Assessing the role of sexual orientation in elections : LGBT state legislative candidates, 1992-2006)
=670  \\$aWhy it's significant that a record number of LGBTQ candidates are running for office, via NPR website, posted Oct. 16, 2018, accessed Dec. 13, 2019:$btranscript (LGBTQ candidates; openly LGBTQ people on the ballot; queer candidates)
=670  \\$a"Rainbow wave" leads to more LGBT officials, in The record (Bergen County, N.J.), June 17, 2019, viewed online via Gale general onefile database, Dec. 13, 2019$b(queer candidates; LGBTQ candidates; out candidates; gay, lesbian, bisexual and transgender candidates)
=670  \\$aProQuest database search, Dec. 13, 2019$b(titles: LGBT candidates find favor in S.L.; Victory Fund endorses largest slate of LGBT candidates ever; How LGBT candidates won so big on election night; Where did all the Republican LGBT candidates go?; 8 LGBT candidates seek seats in Legislature; Rise and rise of LGBT candidates in Nepal; Victory Fund endorses 16 more LGBTQ candidates for 2018, including two historic statewide candidates; Record number of LGBTQ candidates seeking House seats; Texas women, LGBTQ candidates advance in primaries; The year LGBTQ candidates came out; LGBTQ candidates offer empathy for voters; LGBTQ candidates hope to bring diversity to state, local government; In Oklahoma, GLBT candidates face fear, bigotry and sabotage)
=670  \\$aMagni, G. Voter preferences and the political underrepresentation of minority groups, 2019, via WWW, Dec. 13, 2019:$bt.p. (LGBTQ candidates) p. 1 (gay, lesbian, bisexual and transgender candidates for public office) pp. 8-9 (LGBT candidates; sexual minority candidates)
=667  \\$aMain entry changed to a local heading in 2021 from Sexual minority political candidates to LGBTQ+ political candidates by jdc according to Homosaurus.

