=LDR  00667cz  a2200217n  4500
=001  9882401969902441
=005  20240529113841.0
=008  860211i|\anznnbab|\\\\\\\\\\|a\ana\|||\\
=010  \\$ash 85097188
=035  \\$a(DLC) sh 85097188
=035  \\$a(LIBRARY_OF_CONGRESS)98172523820000041
=040  \\$aDLC$cDLC$dDLC
=150  \7$aPalestinians$2nula
=450  \0$aArab Palestinians
=450  \0$aArabs$zPalestine
=450  \0$wnne$aArabs in Palestine
=450  \0$aPalestinians
=450  \0$aPalestinian Arabs$wnne
=550  \0$wg$aArabs
=550  \0$wg$aEthnology$zPalestine
=667  \\$aMain entry changed to a local heading in 2024 from Palestinian Arabs to Palestinians by jdc

