=LDR  00755nz  a2200169n  4500
=001  9881652155302441
=005  20210528114048.0
=008  080311||\anannbabn\\\\\\\\\\|n\ana\\\\\\
=010  \\$ash2008113549
=035  \\$a(DLC) sh2008113549
=035  \\$a(LIBRARY_OF_CONGRESS)98171916490000041
=040  \\$aDLC$beng$cDLC
=150  \7$aEnslaved women$vFiction$2local
=450  \\$aWomen slaves$vFiction
=667  \\$aRecord generated for validation purposes.
=670  \\$aWork cat.: Witches of Karres, c2004
=667  \\$aMain entry changed to a local heading in 2021 from Women slaves to Enslaved women by jdc according to Archives for Black Lives in Philadelphia--Anti-Racist Description Resources guidance and the Chicago History Museum. Original term added as former heading.

