=LDR  00791nz  a2200169n  4500
=001  9881652155402441
=005  20210611115820.0
=008  101116||\anannbabn\\\\\\\\\\|n\ana\\\\\\
=010  \\$ash2010119206
=035  \\$a(DLC) sh2010119206
=035  \\$a(LIBRARY_OF_CONGRESS)98171536260000041
=040  \\$aDLC$beng$cDLC
=150  \7$aEnslaved women$zUnited States$vBiography$2local
=450  \\$aWomen slaves$zUnited States$vBiography
=667  \\$aRecord generated for validation purposes.
=667  \\$aMain entry changed to a local heading in 2021 from Women slaves to Enslaved women by jdc according to Archives for Black Lives in Philadelphia--Anti-Racist Description Resources guidance and the Chicago History Museum. Original term added as former heading.
=670  \\$aWork cat.: All my trials, Lord, c1995

