=LDR  00660nz  a2200145n  4500
=001  9881652162202441
=005  20210528133333.0
=008  870508||\anznnbab|\\\\\\\\\\|n\ana\|||\\
=010  \\$ash 87002945
=035  \\$a(DLC) sh 87002945
=035  \\$a(LIBRARY_OF_CONGRESS)98169362370000041
=040  \\$aDLC$cDLC
=150  \7$aFugitive enslaved persons$zOhio$2local
=450  \\$aFugitive slaves$zOhio
=667  \\$aMain entry changed to a local heading in 2021 from Fugitive slaves to Fugitive enslaved persons by jdc according to Archives for Black Lives in Philadelphia--Anti-Racist Description Resources guidance and the Chicago History Museum. Original term added as former heading.

