=LDR  00678nz  a2200145n  4500
=001  9881652162302441
=005  20210528084243.0
=008  870508||\anannbab|\\\\\\\\\\|n\ana\|||\\
=010  \\$ash 87002946
=035  \\$a(DLC) sh 87002946
=035  \\$a(LIBRARY_OF_CONGRESS)98169362390000041
=040  \\$aDLC$cDLC
=150  \7$aFugitive enslaved persons$zOhio$xHistory$2local
=450  \\$aFugitive slaves$zOhio$xHistory
=667  \\$aMain entry changed to a local heading in 2021 from Fugitive slaves to Fugitive enslaved persons by jdc according to Archives for Black Lives in Philadelphia--Anti-Racist Description Resources guidance and the Chicago History Museum. Original term added as former heading.

