=LDR  00674nz  a2200145n  4500
=001  9881652163802441
=005  20210528133154.0
=008  860211||\anznnbab|\\\\\\\\\\|n\ana\|||\\
=010  \\$ash 85052243
=035  \\$a(DLC) sh 85052243
=035  \\$a(LIBRARY_OF_CONGRESS)98169448220000041
=040  \\$aDLC$cDLC
=150  \7$aFugitive enslaved persons$zWest Indies$2local
=450  \0$aFugitive slaves$zWest Indies
=667  \\$aMain entry changed to a local heading in 2021 from Fugitive slaves to Fugitive enslaved persons by jdc according to Archives for Black Lives in Philadelphia--Anti-Racist Description Resources guidance and the Chicago History Museum. Original term added as former heading.

