=LDR  00823nz  a2200169n  4500
=001  9881652164202441
=005  20210528133109.0
=008  080424||\anznnbabn\\\\\\\\\\|n\ana\\\\\\
=010  \\$ash2008121315
=035  \\$a(DLC) sh2008121315
=035  \\$a(LIBRARY_OF_CONGRESS)98171227150000041
=040  \\$aDLC$beng$cDLC
=150  \7$aFugitive enslaved persons$zUnited States$vBiography$2local
=450  \\$aFugitive slaves$zUnited States$vBiography
=667  \\$aRecord generated for validation purposes.
=670  \\$aWork cat.: To set the captives free, 1993
=667  \\$aMain entry changed to a local heading in 2021 from Fugitive slaves to Fugitive enslaved persons by jdc according to Archives for Black Lives in Philadelphia--Anti-Racist Description Resources guidance and the Chicago History Museum. Original term added as former heading.

