=LDR  00790cz  a2200157n  4500
=001  9881652870902441
=005  20090404075655.0
=008  090402||\anznnbabn\\\\\\\\\\|n\ana\\\\\\
=010  \\$ash2009003336
=035  ##$a(DLC) sh2009003336
=040  \\$aDLC$beng$cDLC
=150  \7$aEnslaved persons$xAnthropometry$zBrazil$2local
=450  \\$aSlaves$xAnthropometry$zBrazil$wane|
=667  \\$aMain entry changed to a local heading in 2021 from Slaves to Enslaved persons by jdc according to Archives for Black Lives in Philadelphia--Anti-Racist Description Resources guidance and the Chicago History Museum. Original term added as former heading.
=667  \\$aRecord generated for validation purposes.
=670  \\$aWork cat.: Riedel, Oswaldo de Oliveira. Perspectiva antropoloÌgica do escravo no CearaÌ, 1988

