=LDR  00818cz  a2200169n  4500
=001  9881652871002441
=005  19960304112207.8
=008  880722\|\anznnbab|\\\\\\\\\\|a\ana\|||\\
=010  \\$ash 88004469 
=035  ##$a(DLC) sh 88004469 
=040  \\$aDLC$cDLC$dDLC
=150  \7$aEnslaved persons' writings$2local
=450  \0$aEnslaved persons' writings$wane|
=450  \0$aWritings of slaves
=550  \0$wg$aLiterature
=667  \\$aMain entry changed to a local heading in 2021 from Enslaved persons' writings to Enslaved persons' writings by jdc according to Archives for Black Lives in Philadelphia--Anti-Racist Description Resources guidance and the Chicago History Museum. Original term added as former heading.
=670  \\$aWork cat.: Ogude, S.F. Genius in bondage : a study of the origins of African literature in English, c1983.

