=LDR  01641nz  a2200169n  4500
=001  9881652871102441
=005  20161213151215.4
=008  160930i|\anznnbabn\\\\\\\\\\|a\ana\\\\\c
=010  \\$ash2016002296
=035  \\$a(DLC)sh2016002296
=040  \\$aWaU$beng$cDLC
=150  \7$aEnslaved persons' writings, African$2local
=450  \\$aAfrican slaves' writings
=450  \\$aEnslaved persons' writings, African$wane|
=550  \\$wg$aAfrican literature
=667  \\$aMain entry changed to a local heading in 2021 from African slaves' writings to Enslaved persons' writings, African by jdc according to Archives for Black Lives in Philadelphia--Anti-Racist Description Resources guidance and the Chicago History Museum. Original term added as former heading.
=670  \\$aWork cat.: African voices on slavery and the slave trade, 2013-2016:$bv. 1, p. xviii (sources created by Africans themselves) p. 1 (primary sources) p. 3 (Giving voice to slaves and the descendants of slaves has been our major concern; this objective is not always achievable in the strict sense of finding sources articulated by slaves themselves. More often than not, their voices must be disentangled from narratives, texts, records, and an array of other evidence not originally meant to represent their perspective like missionary accounts, court records, and the historical narratives of master descendants) p. 5 (letters and petitions Africans addressed to their colonial rulers; cases in which slaves appear either as litigants or as objects of litigation; letters between a commercial family and a slave who traded on its behalf; slave wills from the island of Pemba in East Africa)

