=LDR  00762nz  a2200145n  4500
=001  9881652871302441
=005  20111115112742.6
=008  110818||\anznnbabn\\\\\\\\\\|n\ana\\\\\\
=010  \\$ash2011004198
=035  \\$a(DLC)sh2011004198
=040  \\$aDLC$beng$cDLC
=150  \7$aEnslaved persons$xEmancipation$zCanada$xAnniversaries, etc.$2local
=450  \\$aSlaves$xEmancipation$zCanada$xAnniversaries, etc.$wane|
=667  \\$aMain entry changed to a local heading in 2021 from Slaves to Enslaved persons by jdc according to Archives for Black Lives in Philadelphia--Anti-Racist Description Resources guidance and the Chicago History Museum. Original term added as former heading.
=670  \\$aWork cat: Henry, N.L. Talking about freedom: celebrating Emancipation Day in Canada, 2011.

