=LDR  00710nz  a2200157n  4500
=001  9881652871402441
=005  20080312080739.0
=008  080311||\anznnbabn\\\\\\\\\\|n\ana\\\\\\
=010  \\$ash2008111715
=035  ##$a(DLC) sh2008111715
=040  \\$aDLC$beng$cDLC
=150  \7$aEnslaved persons$vFiction$2local
=450  \\$aSlaves$vFiction$wane|
=667  \\$aMain entry changed to a local heading in 2021 from Slaves to Enslaved persons by jdc according to Archives for Black Lives in Philadelphia--Anti-Racist Description Resources guidance and the Chicago History Museum. Original term added as former heading.
=667  \\$aRecord generated for validation purposes.
=670  \\$aWork cat.: Oroonoko, or, The royal slave, c2000

