=LDR  00819nz  a2200169n  4500
=001  9881652871702441
=005  20210805082600.0
=008  880722i|\anznnbab|\\\\\\\\\\|a\ana\|||\\
=010  \\$ash 88004470
=035  \\$a(DLC) sh 88004470
=040  \\$aDLC$cDLC
=150  \7$aEnslaved persons' writings, English$2local
=450  \0$aEnglish slaves' writings
=450  \0$aEnslaved persons' writings, English$wane|
=550  \0$wg$aEnglish literature
=667  \\$aMain entry changed to a local heading in 2021 from English slaves' writings to Enslaved persons' writings, English by jdc according to Archives for Black Lives in Philadelphia--Anti-Racist Description Resources guidance. Original term added as former heading.
=670  \\$aWork cat.: Ogude, S.F. Genius in bondage : a study of the origins of African literature in English, c1983.

