=LDR  00816cz  a2200157n  4500
=001  9881652871802441
=005  20090407075401.0
=008  090403||\anznnbabn\\\\\\\\\\|n\ana\\\\\\
=010  \\$ash2009003359
=035  ##$a(DLC) sh2009003359
=040  \\$aDLC$beng$cDLC
=150  \7$aEnslaved persons$xAnthropometry$zSuriname$2local
=450  \\$aSlaves$xAnthropometry$zSuriname$wane|
=667  \\$aMain entry changed to a local heading in 2021 from Slaves to Enslaved persons by jdc according to Archives for Black Lives in Philadelphia--Anti-Racist Description Resources guidance and the Chicago History Museum. Original term added as former heading.
=667  \\$aRecord generated for validation purposes.
=670  \\$aWork cat.: Khudabux, Mohamed Rakieb. Effects of life conditions on the health of a negro slave community in Surinam, 1991

