=LDR  00775nz  a2200157n  4500
=001  9881652872302441
=005  20100804075840.0
=008  100803||\anznnbabn\\\\\\\\\\|n\ana\\\\\\
=010  \\$ash2010113279
=035  ##$a(DLC) sh2010113279
=040  \\$aDLC$beng$cDLC
=150  \7$aEnslaved persons$zUnited States$xBiography$xHistory and criticism$2local
=450  \\$aSlaves$zUnited States$xBiography$xHistory and criticism$wane|
=667  \\$aMain entry changed to a local heading in 2021 from Slaves to Enslaved persons by jdc according to Archives for Black Lives in Philadelphia--Anti-Racist Description Resources guidance and the Chicago History Museum. Original term added as former heading.
=667  \\$aRecord generated for validation purposes.
=670  \\$aWork cat.: Harriet Tubman, c2003

