=LDR  00735cz  a2200169n  4500
=001  9881652872702441
=005  20001201112247.0
=008  001106||\anznnbabn\\\\\\\\\\|a\ana\\\\\\
=010  \\$ash 90001966 
=035  ##$a(DLC) sh 90001966 
=040  \\$aDLC$cDLC$dDLC
=150  \7$aEnslaved persons$zUnited States$2local
=450  \\$aAfrican American slaves
=450  \\$aAfro-American slaves
=450  \\$aSlaves$zUnited States$wane|
=450  \\$aSlaves, African American
=667  \\$aMain entry changed to a local heading in 2021 from African American slaves to Enslaved persons by jdc according to Archives for Black Lives in Philadelphia--Anti-Racist Description Resources guidance and the Chicago History Museum. Original term added as former heading.

