=LDR  00658cz  a2200157n  4500
=001  9881652872802441
=005  19940513112509.2
=008  890607i|\anznnbab|\\\\\\\\\\|a\ana\|||\\
=010  \\$ash 89003430 
=035  ##$a(DLC) sh 89003430 
=040  \\$aDLC$cDLC$dDLC
=150  \7$aEnslaved persons$xDwellings$2local
=450  \0$aSlave cabins
=450  \0$aSlave quarters
=450  \0$aSlaves$xDwellings$wane|
=667  \\$aMain entry changed to a local heading in 2021 from Slave cabins to Enslaved persons by jdc according to Archives for Black Lives in Philadelphia--Anti-Racist Description Resources guidance and the Chicago History Museum. Original term added as former heading.

