=LDR  00890cz  a2200193n  4500
=001  9881652872902441
=005  20210809151616.0
=008  010214i|\anznnbabn\\\\\\\\\\|a\ana\\\\\c
=010  \\$ash2001003369
=035  \\$a(DLC) sh2001003369
=040  \\$aNcU$beng$cDLC
=150  \7$aEnslaved persons$xPersonal narratives$2local
=450  \\$aSlave narratives$wane|
=550  \\$wg$aAutobiography
=550  \\$wg$aEnslaved persons' writings
=667  \\$aMain entry changed to a local heading in 2021 from Slave narratives to Enslaved persons {dollar}x Personal narratives by jdc according to Archives for Black Lives in Philadelphia--Anti-Racist Description Resources guidance and the Chicago History Museum. Original term added as former heading.
=670  \\$aGenre terms, 2nd ed.$b(slave narratives)
=670  \\$aNarrative of Henry Watson, a slave narrative, 1849.
=670  \\$aWork cat.: Slave narratives, c2001.

