=LDR  00743cz  a2200157n  4500
=001  9881652873202441
=005  19940408104524.4
=008  860211||\anznnbab|\\\\\\\\\\|a\ana\|||\\
=010  \\$ash 85123327 
=035  ##$a(DLC) sh 85123327 
=040  \\$aDLC$cDLC$dDLC
=150  \7$aEnslaved persons$xEmancipation$zUnited States$2local
=450  \0$aSlaves$xEmancipation$zUnited States$wane|
=450  \0$wnne$aSlavery$zUnited States$xEmancipation
=450  \0$wnne$aSlaves$zUnited States$xEmancipation
=667  \\$aMain entry changed to a local heading in 2021 from Slaves to Enslaved persons by jdc according to Archives for Black Lives in Philadelphia--Anti-Racist Description Resources guidance and the Chicago History Museum. Original term added as former heading.

