=LDR  00748cz  a2200157n  4500
=001  9881652873402441
=005  20081205082324.0
=008  081124i|\anznnbabn\\\\\\\\\\|n\ana\\\\\\
=010  \\$ash2008009265
=035  ##$a(DLC) sh2008009265
=040  \\$aDLC$beng$cDLC
=150  \7$aEnslaved persons$xAlcohol use$2local
=450  \\$aSlaves$xAlcohol use$wane|
=667  \\$aMain entry changed to a local heading in 2021 from Slaves to Enslaved persons by jdc according to Archives for Black Lives in Philadelphia--Anti-Racist Description Resources guidance and the Chicago History Museum. Original term added as former heading.
=667  \\$aRecord generated for validation purposes.
=670  \\$aWork cat.: Smith, Frederick H. The archaeology of alcohol and drinking, c2008

