=LDR  00791nz  a2200157n  4500
=001  9881652873802441
=005  20100804075840.0
=008  100803||\anznnbabn\\\\\\\\\\|n\ana\\\\\\
=010  \\$ash2010113277
=035  ##$a(DLC) sh2010113277
=040  \\$aDLC$beng$cDLC
=150  \7$aEnslaved persons$xEmancipation$zUnited States$vJuvenile literature$2local
=450  \\$aSlaves$xEmancipation$zUnited States$vJuvenile literature$wane|
=667  \\$aMain entry changed to a local heading in 2021 from Slaves to Enslaved persons by jdc according to Archives for Black Lives in Philadelphia--Anti-Racist Description Resources guidance and the Chicago History Museum. Original term added as former heading.
=667  \\$aRecord generated for validation purposes.
=670  \\$aWork cat.: Children of the Emancipation, c2000

