=LDR  00587cz  a2200133n  4500
=001  9881652874002441
=005  19990909085421.0
=008  860211||\anznnbabn\\\\\\\\\\|n\ana\\\\\\
=010  \\$ash 85123348 
=035  ##$a(DLC) sh 85123348 
=040  \\$aDLC$cDLC
=150  \7$aEnslaved persons$vBiography$2local
=450  \\$aSlaves$vBiography$wane|
=667  \\$aMain entry changed to a local heading in 2021 from Slaves to Enslaved persons by jdc according to Archives for Black Lives in Philadelphia--Anti-Racist Description Resources guidance and the Chicago History Museum. Original term added as former heading.

