=LDR  00796nz  a2200157n  4500
=001  9881652874102441
=005  19880929115113.3
=008  880818i|\anznnbab|\\\\\\\\\\|a\ana\|||\\
=010  \\$ash 88005030 
=035  ##$a(DLC) sh 88005030 
=040  \\$aDLC$cDLC
=150  \7$aEnslaved persons' writings, American$2local
=450  \0$aAmerican slaves' writings$wane|
=550  \0$wg$aAmerican literature
=667  \\$aMain entry changed to a local heading in 2021 from American slaves' writings to Enslaved persons' writings, American by jdc according to Archives for Black Lives in Philadelphia--Anti-Racist Description Resources guidance and the Chicago History Museum. Original term added as former heading.
=670  \\$aWork cat.: Franklin, H.B. Prison literature in America : the victim as criminal and artist, 1988.

