=LDR  01189cz  a2200181n  4500
=001  9881655974202441
=005  20210611132127.0
=008  070314i|\anznnbabn\\\\\\\\\\|a\ana\\\\\\
=010  \\$ash2007000941
=035  \\$a(DLC) sh2007000941
=035  \\$a(LIBRARY_OF_CONGRESS)98168810430000041
=040  \\$aDLC$beng$cDLC
=150  \7$aCommunities of fugitive enslaved persons$2local
=450  \\$wnne$aFugitive slave communities
=550  \\$wg$aCommunities
=670  \\$aWork cat.: Histórias de quilombolas, 2006:$bp. 7, etc. (villages created by escaped slaves and others who gathered around them to create their own communities for mutual support and defense)
=670  \\$aBritannica online, Feb. 13, 2007:$bSlave protest (flight was a protest against slavery; quilombos were independent polities set up by runaway slaves; maroon communities existed throughout the Caribbean and Latin America)
=667  \\$aMain entry changed to a local heading in 2021 from Fugitive slave communities to Communities of fugitive enslaved persons by jdc according to Archives for Black Lives in Philadelphia--Anti-Racist Description Resources guidance and the Chicago History Museum. Original term added as former heading.

