=LDR  00638nz  a2200145n  4500
=001  9881713504202441
=005  20210811100929.0
=008  880415||\anznnbab|\\\\\\\\\\|n\ana\|||\\
=010  \\$ash 88002298
=035  \\$a(DLC) sh 88002298
=035  \\$a(LIBRARY_OF_CONGRESS)98171056150000041
=040  \\$aDLC$cDLC
=150  \7$aEnslavers$zUnited States$2local
=450  \0$aSlaveholders$zUnited States
=667  \\$aMain entry changed to a local heading in 2021 from Slaveholders--United States to Enslavers--United States by jdc according to Archives for Black Lives in Philadelphia--Anti-Racist Description Resources guidance. Original term added as former heading

