=LDR  00860cz  a2200193n  4500
=001  9881713504502441
=005  20210811095841.0
=008  001103i|\anznnbabn\\\\\\\\\\|a\ana\\\\\\
=010  \\$ash 85001903
=035  \\$a(DLC) sh 85001903
=035  \\$a(LIBRARY_OF_CONGRESS)98170339150000041
=040  \\$aDLC$cDLC$dDLC
=150  \7$aAfrican American enslavers$2local
=450  \\$wnne$aAfro-American slaveholders
=450  \\$aSlaveholders, African American
=450  \\$aAfrican American slaveholders$wnne
=550  \\$wg$aSlaveholders$zUnited States
=670  \\$aWork cat.: Koger, L. Black slaveowners, 1985.
=667  \\$aMain entry changed to a local heading in 2021 from African American slaveholders to African American enslavers by jdc according to Archives for Black Lives in Philadelphia--Anti-Racist Description Resources guidance. Original term added as former heading

