=LDR  00984cz  a2200277n  4500
=001  9881713504602441
=005  20210811094313.0
=008  001108i|\anznnbabn\\\\\\\\\\|a\ana\\\\\\
=010  \\$ash 85123313
=035  \\$a(DLC) sh 85123313
=035  \\$a(LIBRARY_OF_CONGRESS)98169123240000041
=040  \\$aDLC$cDLC$dDLC
=150  \7$aEnslavers$2local
=450  \\$aSlave holders
=450  \\$aSlave masters
=450  \\$aSlave owners
=450  \\$aSlavemasters
=450  \\$aSlaveowners
=450  \\$aSlaveholders$wnne
=550  \\$wg$aPersons
=550  \\$aPlantation owners
=550  \\$aSlavery
=670  \\$aWeb. 3$b(slaveholder)
=670  \\$aLC database, Nov. 8, 2000$b(slaveowners; slave master)
=670  \\$aAlltheweb, Nov. 8, 2000$b(slavemasters)
=667  \\$aMain entry changed to a local heading in 2021 from Slaveholders to Enslavers by jdc according to Archives for Black Lives in Philadelphia--Anti-Racist Description Resources guidance. Original term added as former heading

