=LDR  00827cz  a2200181n  4500
=001  9881716498102441
=005  20210823150238.0
=008  010914i|\anznnbabn\\\\\\\\\\|a\ana\\\\\\
=010  \\$ash2001006127
=035  \\$a(DLC) sh2001006127
=035  \\$a(LIBRARY_OF_CONGRESS)98170040670000041
=040  \\$aDLC$beng$cDLC
=150  \7$aEnslaved indigenous persons$2local
=450  \\$aIndian slaves$wnne
=550  \\$wg$aSlaves
=670  \\$aWork cat.: 2001005270: Gallay, A. The Indian slave trade, 2002.
=680  \\$iHere are entered works on slaves who are Indians.
=667  \\$aMain entry changed to a local heading in 2021 from Indian slaves to Enslaved native persons by jdc according to Archives for Black Lives in Philadelphia--Anti-Racist Description Resources guidance and the Chicago History Museum. Original term added as former heading

