=LDR  02335nz  a2200241n  4500
=001  9881766359602441
=005  20240329135218.0
=008  191212i|\anannbabn\\\\\\\\\\|a\ana\\\\\c
=010  \\$ash2019103542
=035  \\$a(DLC)sh2019103542
=035  \\$a(LIBRARY_OF_CONGRESS)9814160089300041
=040  \\$aWaU$beng$cDLC
=150  \7$aLGBTQ+ culture$2homoit
=450  \\$aSexual minority culture$wnne
=450  \\$aQueer culture
=550  \\$wg$aSubculture
=667  \\$aMain entry changed to a local heading in 2021 from Sexual minority culture to LGBTQ+ culture by jdc following pattern from Homosaurus and the Chicago History Museum. Original term added as former heading.
=670  \\$aWork cat.: LGBTQ+ studies Web archive, via WWW, viewed Dec. 11, 2019:$bAbout this collection (The LGBTQ+ Studies Web Archive collects and preserves online content which documents LGBTQ+ history, scholarship, and culture in the United States and around the world. Sites include domestic and international non-profit organizations, journalism and news external link, creative works and expressions, historical records, and more. Collection priorities include primary sources, first-hand accounts, coverage of significant events, and essential artifacts of cultural memory.)
=670  \\$aBaker, M. International queer art & activism zine. #6, South Korea, 2013$b(contents include: Korea's queer community in the 70s -- Korean Sexual Minority Culture Rights Center (KSCRC) & Korea Queer Archive -- Korean queer culture festival poster)
=670  \\$aDyer, H. The queeriodic table : a celebration of LGBTQ+ culture, 2019.
=670  \\$aLord, C. Art & queer culture, 2019.
=670  \\$aAbraham, A. Queer intentions : a (personal) journey through LGBTQ+ culture, 2019.
=670  \\$aOCLC, Dec. 11, 2019$b(titles: Digital coming out : the politics of LGBTQ culture in social media; Indiana University LGBTQ+ Culture Center records, 1970-2018; Know all about LGBT culture; Pojmovnik LGBT culture; Queer L.A. : a queer culture guide to L.A.; Gerbil : a queer culture zine; Go west : celebrating queer culture in Melbourne's west; Q* : anthology of queer culture; Winq. : global queer culture; Gothic queer culture; Sex, needs and queer culture; The Hirschfeld archives : violence, death, and modern queer culture; Queerography : intimate expressions of queer culture)

