=LDR  01043nz  a2200193n  4500
=001  9881766359702441
=005  20200817135448.0
=008  200504i|\anannbabn\\\\\\\\\\|a\ana\\\\\\
=010  \\$ash2020001167
=035  \\$a(DLC)sh2020001167
=035  \\$a(LIBRARY_OF_CONGRESS)9815559771000041
=040  \\$aDLC$beng$cDLC
=053  \0$aJV6346.5
=150  \7$aImmigrants (LGBTQ)$2local
=450  \\$aSexual minority immigrants$wnne
=450  \\$aImmigrant sexual minorities
=550  \\$wg$aImmigrants
=667  \\$aMain entry changed to a local heading in 2021 from Sexual minority immigrants to Immigrants (LGBTQ) by jdc following pattern from Homosaurus and the Chicago History Museum. Original term added as former heading.
=670  \\$aWork cat: 2020015415: Queer and trans migrations, 2020:$bCIP summary (provides a first-of-its-kind look at LGBTQ migrants and communities; discusses illegalization, detention, and deportation in national and transnational contexts, and examines how migrants and allies negotiate, resist, refuse, and critique these processes)

