=LDR  01260cz  a2200205n  4500
=001  9881766359802441
=005  20070215075228.0
=008  060109i|\anannbabn\\\\\\\\\\|a\ana\\\\\c
=010  \\$ash2006000228
=035  ##$a(DLC) sh2006000228
=035  \\$a(LIBRARY_OF_CONGRESS)98168695880000041
=040  \\$aWaU$beng$cDLC$dDLC
=150  \7$aParents (LGBTQ)$2homoit
=450  \\$aSexual minority parents$wnne
=550  \\$wg$aParents
=667  \\$aMain entry changed to a local heading in 2021 from Sexual minority parents to Parents (LGBTQ) by jdc according to Homosaurus. Original term added as former heading.
=670  \\$aWork cat.: Bell, M. Families, partners, children, and the European Union, 2003:$bPDF p. 18 (children where one or more of the parents are lesbian, gay, bisexual or transgender; LGBT parents)
=670  \\$aResources for GLBT parents, via PFLAG Phoenix web site, Jan. 7, 2006:$bhome page (parents who are gay, lesbian, bisexual or transgendered)
=670  \\$aQuick facts on sexual minority parents and their children, via WWW, Jan. 7, 2006.
=670  \\$aGoogle search, Jan. 7, 2006$b(LGBT parents; LGB parents; LGB parents and parents-to-be; GLBT parents; GLB parents; sexual minority parents; sexual minority parents/guardians; sexual-minority parents)

