=LDR  01316nz  a2200181n  4500
=001  9881766359902441
=005  20240329140118.0
=008  151001i|\anannbabn\\\\\\\\\\|a\ana\\\\\c
=010  \\$ash2015002362
=035  \\$a(DLC)sh2015002362
=035  \\$a(LIBRARY_OF_CONGRESS)985141331900041
=040  \\$aWaU$beng$cDLC
=150  \7$aLGBTQ+ political refugees$2nula
=450  \\$aSexual minority political refugees$wnne
=550  \\$wg$aPolitical refugees
=667  \\$aMain entry changed to a local heading in 2021 from Sexual minority political refugees to LGBTQ+ political refugees by jdc following pattern from Homosaurus and the Chicago History Museum. Original term added as former heading.
=670  \\$aWork cat.: Envisioning LGBT refugee rights in Canada, 2015:$bp. 5 (LGBT asylum seekers and refugees; The terms lesbian, gay, bisexual, transgender (LGBT) are used throughout this project and are used by many activists and human rights workers internationally. Others may use "queer" or "sexual minorities" as umbrella words.) p. 6 (LGBT refugees) p. 10 (Canada acknowledges persecution on the grounds of sexual orientation and gender identity as grounds for refugee protection)
=670  \\$aEnvisioning LGBT refugee rights in Canada, 2012:$btitle page (LGBT asylum seekers and refugees) p. 3 (LGBT asylum seekers; LGBT refugees)

