=LDR  00997nz  a2200181n  4500
=001  9881766360002441
=005  20240329140247.0
=008  150214i|\anannbabn\\\\\\\\\\|a\ana\\\\\c
=010  \\$ash2015000368
=035  \\$a(DLC)sh2015000368
=035  \\$a(LIBRARY_OF_CONGRESS)984137546700041
=040  \\$aWaU$beng$cDLC
=150  \7$aLGBTQ+ politicians$2nula
=450  \\$aSexual minority politicians$wnne
=550  \\$wg$aPoliticians
=667  \\$aMain entry changed to a local heading in 2021 from Sexual minority politicians to LGBTQ+ politicians by jdc following pattern from Homosaurus and the Chicago History Museum. Original term added as former heading.
=670  \\$aWork cat.: Schlittler, R. Out and elected in the USA: 1974-2004, via WWW, Feb. 14, 2015.
=670  \\$aWikipedia, Feb. 15, 2015$b(Category: LGBT politicians. Subcategories: Bisexual politicians; Gay politicians; LGBT heads of government; Lesbian politicians; LGBT mayors; LGBT politicians by nationality; Transgender and transsexual politicians)

