=LDR  00820cz  a2200181n  4500
=001  9881766360402441
=005  20060809151841.0
=008  041214i|\anannbabn\\\\\\\\\\|a\ana\\\\\c
=010  \\$ash2004011606
=035  ##$a(DLC) sh2004011606
=035  \\$a(LIBRARY_OF_CONGRESS)98171860350000041
=040  \\$aWaU$beng$cDLC
=150  \7$aYouth (LGBTQ)$2homoit
=450  \\$aSexual minority youth$wnne
=550  \\$wg$aMinority youth
=667  \\$aMain entry changed to a local heading in 2021 from Sexual minority youth to Youth (LGBTQ) by jdc according to Homosaurus. Original term added as former heading.
=670  \\$aWork cat.: Making sense, c2003:$bt.p. (gay, lesbian, bisexual, and transgender young people)
=670  \\$aLC database, Dec. 14, 2004$b(Sexual Minority Youth Assistance League; lesbian, gay, bi-sexual and transgender youth)

