=LDR  00606nz  a2200145n  4500
=001  9881766360502441
=005  20200617134130.1
=008  200312||\anannbabn\\\\\\\\\\|n\ana\\\\\c
=010  \\$ash2020000687
=035  \\$a(DLC)sh2020000687
=035  \\$a(LIBRARY_OF_CONGRESS)9814717503100041
=040  \\$aWaU$beng$cDLC
=150  \7$aYouth (LGBTQ)$zUnited States$2homoit
=450  \\$aSexual minority youth$zUnited States$wnne
=667  \\$aMain entry changed to a local heading in 2021 from Sexual minority youth -- United States to Youth (LGBTQ) -- United States by jdc according to Homosaurus. Original term added as former heading.

