=LDR  00708nz  a2200169n  4500
=001  9881766360602441
=005  20240401094700.0
=008  140806\|\anannbabn\\\\\\\\\\|a\ana\\\\\\
=010  \\$ash2014001989
=035  \\$a(DLC)sh2014001989
=035  \\$a(LIBRARY_OF_CONGRESS)983797332100041
=040  \\$aDLC$beng$cDLC
=150  \7$aLGBTQ+ youth in mass media$2nula
=450  \\$aSexual minority youth in mass media$wnne
=550  \\$wg$aMass media
=667  \\$aMain entry changed to a local heading in 2021 from Sexual minority youth in mass media to LGBTQ youth in mass media by jdc following pattern from Homosaurus. Original term added as former heading.
=670  \\$aWork cat: 2014024480: Queer youth and media cultures, 2014.

