=LDR  01148cz  a2200181n  4500
=001  9881766360902441
=005  20240401095136.0
=008  070712i|\anannbabn\\\\\\\\\\|a\ana\\\\\c
=010  \\$ash2007003507
=035  \\$a(DLC) sh2007003507
=035  \\$a(LIBRARY_OF_CONGRESS)98169812000000041
=040  \\$aWaU$beng$cDLC
=150  \7$aSocial work with older LGBTQ+ people$2nula
=450  \\$aSocial work with older sexual minorities$wnne
=550  \\$wg$aOlder sexual minorities
=667  \\$aMain entry changed to a local heading in 2021 from Social work with older sexual minorities to Social work with older LGBTQ+ people by jdc following pattern from Homosaurus. Original term added as former heading.
=670  \\$aWork cat.: Project Visibility, 2006.
=670  \\$aProject Visibility home page, May 20, 2007$b(Project Visibility is a training program for administrators and staff of nursing homes, assisted living facilities, home care agencies, and other providers of services to older adults; Co-creating an aging services community that is informed, sensitive to, and supportive of Lesbian, Gay, Bisexual, and Transgender elders and their families; LGBT elders)

