=LDR  02979cz  a2200421n  4500
=001  9881766361002441
=005  20190124101114.1
=008  060526i|\anannbabn\\\\\\\\\\|a\ana\\\\\\
=010  \\$ash2004003385
=035  \\$a(DLC)sh2004003385
=035  \\$a(LIBRARY_OF_CONGRESS)98169139380000041
=040  \\$aDLC$beng$cDLC$dDLC$dWaU$dDLC
=053  \0$aHQ73$bHQ77.95
=150  \7$aLGBTQ people$2homoit
=360  \\$iheadings for individual sexual minorities, and headings containing a term for an individual sexual minority, e.g.,$aAsexual people; Bisexuals; Gays; Christian lesbians; Gender-nonconforming youth; Intersex athletes; Older transsexuals; Transgender librarians
=450  \\$aSexual minorities$wnne
=450  \\$aGender minorities
=450  \\$aGLBT people
=450  \\$aGLBTQ people
=450  \\$aLesbigay people
=450  \\$aLBG people
=450  \\$aLGBT people
=450  \\$aLGBTQ people
=450  \\$aNon-heterosexual people
=450  \\$aNon-heterosexuals
=450  \\$aSexual dissidents
=550  \\$wg$aMinorities
=667  \\$aMain entry changed to a local heading in 2021 from Sexual minorities to LGBTQ people by jdc according to Homosaurus. Original term added as former heading.
=670  \\$aLC database, Sept. 20, 2004$b(sexual minorities)
=670  \\$aWordIQ.com, Sept. 20, 2004$b("Sexual minorities defined by sexual orientation and gender identity -- gay/lesbian, bisexual, and transgendered people ..."; "LGBT (or GLBT) is an acronym used as a collective term to refer to lesbians, gays, bixexuals, and transgender people LGB")
=670  \\$aWWW, Sept. 20, 2004$b(Google search: sexual minorities; sexual dissidents; LBG people; LGBT people; GLBT people; lesbigay people)
=670  \\$aUNESCO thesaurus$b(gender minorities)
=670  \\$aEaton, L.E. Constructing rainbow classrooms : non-heterosexual students' journey toward safer schools, 2005:$bp. 17 (The term "non-heterosexual" is used in this study to denote all students who describe their sexuality as different, although they may not necessarily identify as lesbian, gay, bisexual, transgender, or queer. In some cases, students choose to use the "Q" in LGBTQ to mean that they are questioning their sexuality and do not identify with any one particular category) p. 18 (LGBT youth) p. 23 (non-heterosexuals)
=670  \\$aDouble-tongued word wrester dictionary, via WWW, May 20, 2006$b(LGBTQ adj. having a sexual orientation other than heterosexual)
=670  \\$aColgate University Office of LGBTQ Initiatives WWW home page, May 20, 2006$b(lesbian, gay, bisexual, transgender, queer and questioning students; LGBTQ faculty, staff, students and alumni; the LGBTQ community)
=670  \\$aGLBTQ : an encyc. of gay, lesbian, bisexual, transgender & queer culture, via WWW, June 2, 2006$b(in article on Spirituality: glbtq individuals; glbtq communities; glbtq community; glbtq people)
=670  \\$aFamous GLBTQ people Web site, June 2, 2006.
=675  \\$aWomen's thesaurus

