=LDR  01076nz  a2200205n  4500
=001  9881766361102441
=005  20160602124428.9
=008  160329i|\anannbabn\\\\\\\\\\|a\ana\\\\\\
=010  \\$ash2016000681
=035  \\$a(DLC)sh2016000681
=035  \\$a(LIBRARY_OF_CONGRESS)985944312200041
=040  \\$aDLC$beng$cDLC
=150  \7$aAfrican-Americans (LGBTQ)$2homoit
=450  \\$aAfrican American sexual minorities$wnne
=450  \\$aSexual minorities, African American
=550  \\$wg$aSexual minorities$zUnited States
=667  \\$aMain entry changed to a local heading in 2021 from African American sexual minorities to African-Americans (LGBTQ) by jdc according to Homosaurus. Original term added as former heading.
=670  \\$aWork cat: 2002023719: Black like us: a century of lesbian, gay and bisexual African American fiction, 2002.
=670  \\$aVoices rising: celebrating 20 years of Black lesbian, gay, bisexual & transgender writing, 2007.
=670  \\$aMoodieMills, Aisha C. Jumping beyond the broom: why Black gay and transgender Americans need more than marriage equality, 2012.

