=LDR  00764nz  a2200181n  4500
=001  9881766361202441
=005  20240401085628.0
=008  141014i|\anannbabn\\\\\\\\\\|a\ana\\\\\c
=010  \\$ash2014002555
=035  \\$a(DLC)sh2014002555
=035  \\$a(LIBRARY_OF_CONGRESS)983935512100041
=040  \\$aVaVbRU$beng$cDLC
=150  \7$aArab American LGBTQ+ people$2nula
=450  \\$aArab American sexual minorities$wnne
=450  \\$aSexual minorities, Arab American
=550  \\$wg$aSexual minorities$zUnited States
=667  \\$aMain entry changed to a local heading in 2021 from Arab American sexual minorities to Arab American LGBTQ+ people by jdc following pattern from Homosaurus.
=670  \\$aWork cat: Zaher, M. Experiences of Arab sexual minorities in the United States, 2013.

