=LDR  00993cz  a2200181n  4500
=001  9881766361302441
=005  20060921075230.0
=008  060920i|\anannbabn\\\\\\\\\\|a\ana\\\\\c
=010  \\$ash2005007013
=035  ##$a(DLC) sh2005007013
=035  \\$a(LIBRARY_OF_CONGRESS)98172268540000041
=040  \\$aWaU$beng$cDLC
=150  \7$aAsian Americans (LGBTQ)$2homoit
=450  \\$aAsian American sexual minorities$wnne
=450  \\$aSexual minorities, Asian American
=550  \\$wg$aSexual minorities$zUnited States
=667  \\$aMain entry changed to a local heading in 2021 from Asian American sexual minorities to Asian Americans (LGBTQ) by jdc according to Homosaurus. Original term added as former heading.
=670  \\$aWork cat.: Dang, A. Asian Pacific American lesbian, gay, bisexual, and transgender people, c2005:$bp. ii (APA LGBT people) p. 1 ("The lives of APA LGBT people involve a complex web of issues arising from being sexual, racial/ethnic, language, gender, immigrant, and economic minorities.")

