=LDR  00870cz  a2200181n  4500
=001  9881766361402441
=005  20240329144204.0
=008  060109i|\anannbabn\\\\\\\\\\|a\ana\\\\\c
=010  \\$ash2006000227
=035  \\$a(DLC) sh2006000227
=035  \\$a(LIBRARY_OF_CONGRESS)98168695870000041
=040  \\$aWaU$beng$cDLC
=150  \7$aChildren of LGBTQ+ people$2homoit
=450  \\$aChildren of sexual minority parents$wnne
=450  \\$aSexual minority parents' children
=550  \\$wg$aSexual minority parents
=667  \\$aMain entry changed to a local heading in 2021 from Children of sexual minority parents to Children of LGBTQ people by jdc according to Homosaurus.
=670  \\$aWork cat.: Bell, M. Families, partners, children, and the European Union, 2003:$bPDF p. 18 (children where one or more of the parents are lesbian, gay, bisexual or transgender; children with LGBT parents)

