=LDR  00957cz  a2200193n  4500
=001  9881766361502441
=005  20240401090302.0
=008  081028i|\anannbabn\\\\\\\\\\|a\ana\\\\\c
=010  \\$ash2008008424
=035  \\$a(DLC) sh2008008424
=035  \\$a(LIBRARY_OF_CONGRESS)98171227400000041
=040  \\$aWaU$beng$cDLC
=150  \7$aHispanic American LGBTQ+ people$2nula
=450  \\$aHispanic American sexual minorities$wnne
=450  \\$aLatinx LGBTQ+ people
=450  \\$aSexual minorities, Hispanic American
=550  \\$wg$aSexual minorities$zUnited States
=667  \\$aMain entry changed to a local heading in 2021 from Hispanic American sexual minorities to Hispanic American LGBTQ+ people by jdc following pattern from Homosaurus. Original term added as former heading. Homosaurus term Latinx LGBTQ+ people added as additional heading.
=670  \\$aWork cat.: Tal como somos [VR] 2008:$bcontainer (Latino GBT men and women; Latino and gay, bisexual, or transgender)

