=LDR  00809cz  a2200181n  4500
=001  9881766361602441
=005  20091001080016.0
=008  090814i|\anannbabn\\\\\\\\\\|a\ana\\\\\c
=010  \\$ash2009007613
=035  ##$a(DLC) sh2009007613
=035  \\$a(LIBRARY_OF_CONGRESS)98169163520000041
=040  \\$aWaU$beng$cDLC$dDLC
=150  \7$aNative Americans (LGBTQ)$2homoit
=450  \\$aIndian sexual minorities$wnne
=450  \\$aSexual minorities, Indian
=550  \\$wg$aSexual minorities
=667  \\$aMain entry changed to a local heading in 2021 from Indian sexual minorities to Native Americans (LGBTQ) by jdc according to Homosaurus. Original term added as former heading.
=670  \\$aWork cat.: Lehavot, K. Abuse, mastery, and health among lesbian, bisexual, and two-spirit American Indian and Alaska Native women, 2007.

