=LDR  00919cz  a2200217n  4500
=001  9881766361702441
=005  20240401090633.0
=008  061204i|\anannbabn\\\\\\\\\\|a\ana\\\\\\
=010  \\$ash2006008543
=035  \\$a(DLC) sh2006008543
=035  \\$a(LIBRARY_OF_CONGRESS)98168816060000041
=040  \\$aDLC$beng$cDLC
=053  \0$aZ711.92.S49
=150  \7$aLibraries and LGBTQ+ people$2nula
=450  \\$aLibraries and sexual minorities$wnne
=450  \\$aLibrary services to sexual minorities
=450  \\$aPublic libraries$xServices to sexual minorities
=450  \\$aSexual minorities and libraries
=550  \\$wg$aSexual minorities
=667  \\$aMain entry changed to a local heading in 2021 from Libraries and sexual minorities to Libraries and LGBTQ+ people by jdc following Homosaurus pattern
=670  \\$aWork cat.: 2006039469: Martin, Hillias J. Serving lesbian, gay, bisexual, transgender, and questioning teens, c2007.

