=LDR  00855cz  a2200205n  4500
=001  9881766361802441
=005  20240329145006.0
=008  041214i|\anannbabn\\\\\\\\\\|a\ana\\\\\c
=010  \\$ash2004011614
=035  \\$a(DLC) sh2004011614
=035  \\$a(LIBRARY_OF_CONGRESS)98171860660000041
=040  \\$aWaU$beng$cDLC
=150  \7$aLGBTQ+ older people$2nula
=450  \\$aOlder sexual minorities$wnne
=450  \\$aGLBT seniors
=550  \\$wg$aOlder people
=550  \\$wg$aSexual minorities
=667  \\$aMain entry changed to a local heading in 2021 from Older sexual minorities to LGBTQ+ older people by jdc according to Homosaurus. Original term added as former heading.
=670  \\$aWork cat.: Birch, H. About time!, 2004:$bt.p. (GLBT seniors) p. 4 (older gay, lesbian, bisexual and transgender people)
=670  \\$aLC database, Dec. 17, 2004 (older LGBT adults)

