=LDR  04264nz  a2200265n  4500
=001  9881766362202441
=005  20120912105801.5
=008  120623i|\anannbabn\\\\\\\\\\|a\ana\\\\\c
=010  \\$ash2012002591
=035  \\$a(DLC)sh2012002591
=035  \\$a(LIBRARY_OF_CONGRESS)98186882160000041
=040  \\$aWaU$beng$cDLC
=150  \7$aFamilies (LGBTQ)$2homit
=450  \\$aSexual minorities' families$wnne
=550  \\$wg$aFamilies
=667  \\$aMain entry changed to a local heading in 2021 from Sexual minorities' families to Families (LGBTQ) by jdc according to Homosaurus. Original term added as former heading.
=670  \\$aWork cat.: Lesbian, gay, bisexual, and transgender (LGBT) parented families, 2008:$back. (lesbian, gay, bisexual and transgender parented-families) p. 3 (LGBT-parented families; LGBT-headed families; families of same-sex parents; families with one or more same-sex attracted parents; the primary difference between LGBT-parented and heterosexual-parented families is that the former live in a legal, public policy, social, and discursive context in which discrimination and prejudice on the basis of the parents' gender or sexuality are a feature of day-to-day life; LGBT parents and their families)
=670  \\$aAll children matter : how legal and social inequalities hurt LGBT families, Â©2011:$bPDF t.p. verso (LGBT people and their families; LGBT-headed families; LGBTQ families) p. 6 (This report uses the term "LGBT families" to refer either to families in which an LGBT adult is raising children or to families in which a same-sex couple is raising children.) p. 31 (LGB households) p. 88 (LGBT households)
=670  \\$aJournal of GLBT family studies, v. 7, issue 1-2 (2011), viewed online June 26, 2012:$bp. 1 (GLBT-parented families) p. 2 (GLBT-headed families)
=670  \\$aJournal of GLBT family studies, v. 2, issue 3-4 (2006), viewed online June 26, 2012:$bp. 7 (sexual minorities and their families; GLBTQ families; families of sexual minorities) p. 9 (Queer families are very diverse and include sexual minority youth and their families, parents in heterosexual marriages who later identify as sexual minorities, gay and lesbian couples who adopt or have children of their own, persons who are transgender and their families, and young adults in families who identify as bisexual and enter into same-sex relationships; sexual minority families) p. 10 (Forms of Sexual Minority Families. GLBTQ families can take many forms, so comprehensibly defining the typical GLBTQ family can be slippery territory. While members of straight families are generally biologically linked, it is common for GLBTQ families to contain members who are not biologically connected but who form families via adoption or establish a family of choice, the latter by maintaining close ties within their lesbian and gay communities. ... Like straight parents, GLBTQ parents can be single or in couples, adoptive, or biological. Some biological GLBTQ parents have had children in the context of heterosexual marriages. In this case, continuing relationships with the other biological parent and her/his family of origin may need to be negotiated. Other biological GLBTQ parents choose to have children within the context of a same-sex partnership. In many lesbian couples, artificial insemination is the method of reproductive choice using either a known or an unknown donor.)
=670  \\$aI think I might have a GLBT family in my class--now what do I do?, viewed online June 26, 2012:$bt.p. verso (GLBT-headed families)
=670  \\$aAll children, all families, viewed online June 26, 2012:$bp. 2 (GLBT-headed families; GLBT families)
=670  \\$aArchives of sexual behavior, Dec. 2008, viewed online June 26, 2012:$bp. 865 (sexual minority-headed families)
=670  \\$aSchool psychology review, v. 29, issue 2 (2000), viewed online June 26, 2012:$bp. 207 (families headed by lesbian, gay, bisexual, and/or transgender parents) p. 208 (sexual minority-parented families)
=670  \\$aOCLC, June 26, 2012$b(in titles: LGBT families; GLBT families; lesbian, gay, bisexual, and transgender families; gay, lesbian, bisexual, and transgender families; sexual-minority families; GLBT family studies; lesbian, gay, bisexual, and transgender family law)

