=LDR  00759nz  a2200181n  4500
=001  9881766362502441
=005  20240329151049.0
=008  130403\|\anannbabn\\\\\\\\\\|a\ana\\\\\\
=010  \\$ash2013000951
=035  \\$a(DLC)sh2013000951
=035  \\$a(LIBRARY_OF_CONGRESS)98206922710000041
=040  \\$aDLC$beng$cDLC
=053  \0$aP96.S58$bP96.S582
=150  \7$aLGBTQ+ people in mass media$2nula
=450  \\$aSexual minorities in mass media$wnne
=550  \\$wg$aMass media
=667  \\$aMain entry changed to a local heading in 2021 from Sexual minorities in mass media to LGBTQ+ people in mass media by jdc following pattern from Homosaurus and the Chicago History Museum. Original term added as former heading.
=670  \\$aWork cat.: 2013005758: Queer media images, 2013.

