=LDR  00844cz  a2200169n  4500
=001  9881766362802441
=005  20240329152159.0
=008  070711i|\anannbabn\\\\\\\\\\|a\ana\\\\\c
=010  \\$ash2007005097
=035  \\$a(DLC) sh2007005097
=035  \\$a(LIBRARY_OF_CONGRESS)98169855280000041
=040  \\$aWaU$beng$cDLC$dDLC
=150  \7$aLGBTQ+ people with disabilities$2nula
=450  \\$aSexual minorities with disabilities$wnne
=550  \\$wg$aPeople with disabilities
=667  \\$aMain entry changed to a local heading in 2021 from Sexual minorities with disabilities to LGBTQ people with disabilities by jdc following pattern from Homosaurus and the Chicago History Museum. Original term added as former heading.
=670  \\$aWork cat.: Allen, J.D. Gay, lesbian, bisexual, and transgender people with developmental disabilities and mental retardation, c2003.

