=LDR  01091cz  a2200193n  4500
=001  9881766363202441
=005  20210104144212.9
=008  061007i|\anannbabn\\\\\\\\\\|a\ana\\\\\c
=010  \\$ash2006020084
=035  \\$a(DLC)sh2006020084
=035  \\$a(LIBRARY_OF_CONGRESS)98171421370000041
=040  \\$aWaU$beng$cDLC$dDLC
=150  \7$aCollege students (LGBTQ)$2local
=450  \\$aSexual minority college students$wnne
=550  \\$wg$aMinority college students
=667  \\$aMain entry changed to a local heading in 2021 from Sexual minority college students to College students (LGBTQ) by jdc according to Homosaurus and the Chicago History Museum. Original term added as former heading.
=670  \\$aWork cat.: University of Washington. President's Task Force on Gay, Bisexual, Lesbian, and Transgender Issues. Affirming diversity, 2001:$bp. 3 (gay, bisexual, lesbian and transgender students)
=670  \\$aWorking with lesbian, gay, bisexual, and transgender college students, 1998.
=670  \\$aOut & about campus : personal accounts by lesbian, gay, bisexual & transgendered college students, 2000.

