=LDR  02376nz  a2200265n  4500
=001  9881766363302441
=005  20140613120640.9
=008  140306i|\anannbabn\\\\\\\\\\|a\ana\\\\\c
=010  \\$ash2014000538
=035  \\$a(DLC)sh2014000538
=035  \\$a(LIBRARY_OF_CONGRESS)983171585200041
=040  \\$aWaU$beng$cDLC
=150  \7$aCommunities (LGBTQ)$2homoit
=450  \\$aSexual minority community$wnne
=450  \\$aQueer community
=550  \\$wg$aCommunities
=667  \\$aMain entry changed to a local heading in 2021 from Sexual minority community to Communities (LGBTQ) by jdc according to Homosaurus. Original term added as former heading.
=670  \\$aWork cat.: Kohl, D.G. A curious and peculiar people : a history of the Metropolitan Community Church of Portland, Oregon, and the sexual minority communities of the Pacific Northwest, c2006.
=670  \\$aTamashiro, D.J. Measuring biphobic attitudes in Amsterdam's sexual minority community, 2004.
=670  \\$aBailey, M.M. The labor of diaspora : ballroom culture and the making of a Black queer community, 2005:$babstr. (the creation of a Black queer community) leaf 1 (an ethnographic study of ... an alternative Black and Latina/o queer community in the U.S.) leaf 6 (the memories and experiences of the members of the Ballroom scene in particular, and the larger Black queer community in general) leaf 20 (studies of Black queer communities in the U.S. and throughout the Black world)
=670  \\$aJones, J.A. Hidden histories, proud communities, 2001:$babstr. (For this study, these Kentucky lesbians, gay men, bisexuals, transgendered individuals, queer-associated heterosexuals, and other sexual variants are listed together under the controversial but useful label of queer. This study examines how queers developed communities around particular spaces in Lexington, Kentucky, over a seven-decade period; this study emphasizes a multitude of queer communities in Lexington; Lexington's queer communities)
=670  \\$aHammidi, T.N. Queer community sustainability, 1999.
=670  \\$aEising, P.R. Showing up strange : portraiture and nightlife in Portland's queer community, 2012.
=670  \\$aGinger, K.A. Toward a queer understanding of politics : queer community and the critique of rights, 2005.
=670  \\$aMears, R.L. What's on the other side? : uses of the rainbow flag in the queer community, 2000.

