=LDR  00971nz  a2200181n  4500
=001  9881770115902441
=005  20240329152903.0
=008  190517i|\anznnbabn\\\\\\\\\\|a\ana\\\\\c
=010  \\$ash2019004561
=035  \\$a(DLC)sh2019004561
=035  \\$a(LIBRARY_OF_CONGRESS)9812295309700041
=040  \\$aWaU$beng$cDLC
=150  \7$aRural LGBTQ+ people$2nula
=450  \\$aRural sexual minorities$wnne
=550  \\$wg$aSexual minorities
=667  \\$aMain entry changed to a local heading in 2021 from Rural sexual minorities to Rural LGBTQ people by jdc modeled on Homosaurus. LCSH retained in record.
=670  \\$aWork cat.: Where we call home : LGBT people in rural America, 2019:$bp. iii (LGBT people in rural areas; LGBT people living in rural communities; National surveys of rural areas show that between 3% and 5% of the rural population identifies as LGBT)
=670  \\$aBoso, L.A. Urban bias, rural sexual minorities, and the courts, 2013, via eScholarship.org, viewed May 17, 2019.

