=LDR  00637nz  a2200169n  4500
=001  9881770117302441
=005  20211206113929.0
=008  120320i|\anznnbabn\\\\\\\\\\|a\ana\\\\\c
=010  \\$ash2012001156
=035  \\$a(DLC)sh2012001156
=035  \\$a(LIBRARY_OF_CONGRESS)98176499280000041
=040  \\$aVaVbRU$beng$cDLC
=150  \7$aChristians (LGBTQ)$2local
=450  \\$aChristian sexual minorities$wnne
=550  \\$wg$aSexual minorities
=670  \\$aWork cat.: Carr, T. L. Sexual-minority Christians, 2010.
=667  \\$aMain entry changed to a local heading in 2021 from Christian sexual minorities to Christians (LGBTQ) by jdc according to Homosaurus

