=LDR  00898cz  a2200181n  4500
=001  9881831371102441
=005  20240401131007.0
=008  080818i|\anznnbabn\\\\\\\\\\|a\ana\\\\\c
=010  \\$ash2008006444
=035  \\$a(DLC) sh2008006444
=035  \\$a(LIBRARY_OF_CONGRESS)98169096910000041
=040  \\$aWaU$beng$cDLC$dDLC
=150  \7$aLGBTQ+ authors, Canadian$2nula
=450  \\$aCanadian sexual minorities' writings
=450  \\$aSexual minorities' writings, Canadian$wnne
=550  \\$wg$aCanadian literature
=670  \\$aWork cat.: First person queer, c2007:$bp. 4 of cover (anthology of nonfiction essays ... of queer (gay/lesbian/bisexual/trans) experience)
=667  \\$aMain entry changed to a local heading in 2021 from Canadian sexual minorities' writings to LGBTQ+ people's writings, Canadian by jdc following pattern from Homosaurus and the Chicago History Museum. Original term added as former heading.

