=LDR  00860nz  a2200181n  4500
=001  9881949290702441
=005  20240401130945.0
=008  210517i|\anznnbabn\\\\\\\\\\|a\ana\\\\\\
=010  \\$ash2021004090
=035  \\$a(DLC)sh2021004090
=035  \\$a(LIBRARY_OF_CONGRESS)9818765972900041
=040  \\$aDLC$beng$cDLC
=150  \7$aLGBTQ+ authors, Brazilian$2nula
=450  \\$aBrazilian sexual minorities' writings
=450  \\$aSexual minorities' writings, Brazilian$wnne
=550  \\$wg$aBrazilian literature
=670  \\$aWork cat: Cuíer, 2021:$bECIP data view ("assortment of fiction, poetry, nonfiction, and photography, legendary and pioneering queer writers" from Brazil)$w(DLC)2021015339
=667  \\$aMain entry changed to a local heading in 2021 from Sexual minorities' writings, Brazilian to LGBTQ+ people's writings, Brazilian by jdc according to Homosaurus pattern.

