=LDR  01018cz  a2200181n  4500
=001  9882080480402441
=005  20221202133524.0
=008  060920i|\anznnbabn\\\\\\\\\\|a\ana\\\\\c
=010  \\$ash2005007012
=035  \\$a(DLC) sh2005007012
=035  \\$a(LIBRARY_OF_CONGRESS)98172268510000041
=040  \\$aWaU$beng$cDLC
=150  \7$aPacific Islander Americans (LGBTQ)$2homoit
=450  \\$aSexual minorities, Pacific Islander American
=450  \\$aPacific Islander American sexual minorities$wnne
=550  \\$wg$aSexual minorities$zUnited States
=670  \\$aWork cat.: Dang, A. Asian Pacific American lesbian, gay, bisexual, and transgender people, c2005:$bp. ii (APA LGBT people) p. 1 ("The lives of APA LGBT people involve a complex web of issues arising from being sexual, racial/ethnic, language, gender, immigrant, and economic minorities.")
=667  \\$aMain entry changed to a local heading in 2021 from Pacific Islander American sexual minorities to Pacific Islander Americans (LGBTQ) by jdc based on pattern from Homosaurus.

