=LDR  00806nz  a2200181n  4500
=001  9882175796002441
=005  20230407082358.0
=008  220614i|\anznnbabn\\\\\\\\\\|a\ana\\\\\\
=010  \\$ash2022006456
=035  \\$a(DLC)sh2022006456
=035  \\$a(LIBRARY_OF_CONGRESS)9825853311000041
=040  \\$aDLC$beng$cDLC
=150  \7$aBlack LGBTQ+ people$2homoit
=450  \\$aBlack sexual minorities
=450  \\$aSexual minorities, Black$wnne
=670  \\$aWork cat: The god within, 2018?:$bt.p. (Black queerness across the diaspora) cataloger's summary (zine consisting of quotations by and about LGBTQ people who are Black)$w(DLC)2020479217
=688  \\$aEstablished December 2022.
=667  \\$aMain entry changed to a local heading in 2021 from Sexual minorities, Black to Black LGBTQ+ people by jdc according to Homosaurus.

